
@article{freier_mobile_2016,
	title = {Mobile quantum gravity sensor with unprecedented stability},
	volume = {723},
	doi = {10.1088/1742-6596/723/1/012050},
	pages = {012050},
	number = {1},
	journaltitle = {Journal of Physics: Conference Series},
	author = {Freier, Christian and Hauth, Matthias and Schkolnik, Vladimir and Leykauf, Bastian and Schilling, Manuel and Wziontek, Hartmut and Scherneck, Hans-Georg and Müller, Jürgen and Peters, Achim},
	date = {2016-07}
}

@article{schkolnik_effect_2015,
	title = {The effect of wavefront aberrations in atom interferometry},
	volume = {120},
	pages = {311--316},
	number = {2},
	journaltitle = {Applied Physics B},
	author = {Schkolnik, Vladimir and Leykauf, Bastian and Hauth, Matthias and Freier, Christian and Peters, Achim},
	date = {2015-06-02}
}

@article{hu_observation_2018,
	title = {Observation of vector and tensor light shifts in Rb 87 using near-resonant, stimulated Raman spectroscopy},
	volume = {97},
	issn = {2469-9926, 2469-9934},
	url = {https://link.aps.org/doi/10.1103/PhysRevA.97.013424},
	doi = {10.1103/PhysRevA.97.013424},
	pages = {013424},
	number = {1},
	journaltitle = {Physical Review A},
	shortjournal = {Phys. Rev. A},
	author = {Hu, Qing-Qing and Freier, Christian and Sun, Yuan and Leykauf, Bastian and Schkolnik, Vladimir and Yang, Jun and Krutzik, Markus and Peters, Achim},
	urldate = {2020-04-14},
	date = {2018-01-29},
	langid = {english},
	file = {Submitted Version:C\:\\Users\\bastian\\Zotero\\storage\\K4JCB3TF\\Hu et al. - 2018 - Observation of vector and tensor light shifts in R.pdf:application/pdf}
}

@article{hu_mapping_2017,
	title = {Mapping the absolute magnetic field and evaluating the quadratic Zeeman-effect-induced systematic error in an atom interferometer gravimeter},
	volume = {96},
	issn = {2469-9926, 2469-9934},
	url = {https://link.aps.org/doi/10.1103/PhysRevA.96.033414},
	doi = {10.1103/PhysRevA.96.033414},
	pages = {033414},
	number = {3},
	journaltitle = {Physical Review A},
	shortjournal = {Phys. Rev. A},
	author = {Hu, Qing-Qing and Freier, Christian and Leykauf, Bastian and Schkolnik, Vladimir and Yang, Jun and Krutzik, Markus and Peters, Achim},
	urldate = {2020-04-14},
	date = {2017-09-20},
	langid = {english},
	file = {Submitted Version:C\:\\Users\\bastian\\Zotero\\storage\\ZY8X9672\\Hu et al. - 2017 - Mapping the absolute magnetic field and evaluating.pdf:application/pdf}
}

@article{wiegand_single-laser_2019,
	title = {A single-laser alternating-frequency magneto-optical trap},
	volume = {90},
	issn = {0034-6748, 1089-7623},
	url = {http://aip.scitation.org/doi/10.1063/1.5110722},
	doi = {10.1063/1.5110722},
	pages = {103202},
	number = {10},
	journaltitle = {Review of Scientific Instruments},
	shortjournal = {Review of Scientific Instruments},
	author = {Wiegand, B. and Leykauf, B. and Döringshoff, K. and Gupta, Y. D. and Peters, A. and Krutzik, M.},
	urldate = {2020-04-14},
	date = {2019-10-01},
	langid = {english},
	file = {Submitted Version:C\:\\Users\\bastian\\Zotero\\storage\\49DYLQM6\\Wiegand et al. - 2019 - A single-laser alternating-frequency magneto-optic.pdf:application/pdf}
}

@article{canuel_elgar_2019,
	title = {{ELGAR} -- a European Laboratory for Gravitation and Atom-interferometric Research},
	journaltitle = {{arXiv}:1911.03701 [gr-qc, physics:physics]},
	author = {Canuel, B. and Abend, S. and Amaro-Seoane, P. and Badaracco, F. and Beaufils, Q. and Bertoldi, A. and Bongs, K. and Bouyer, P. and Braxmaier, C. and Chaibi, W. and Christensen, N. and Fitzek, F. and Flouris, G. and Gaaloul, N. and Gaffet, S. and Alzar, C. L. Garrido and Geiger, R. and Guellati-Khelifa, S. and Hammerer, K. and Harms, J. and Hinderer, J. and Junca, J. and Katsanevas, S. and Klempt, C. and Kozanitis, C. and Krutzik, M. and Landragin, A. and Roche, I. Làzaro and Leykauf, B. and Lien, Y.-H. and Loriani, S. and Merlet, S. and Merzougui, M. and Nofrarias, M. and Papadakos, P. and Pereira, F. and Peters, A. and Plexousakis, D. and Prevedelli, M. and Rasel, E. and Rogister, Y. and Rosat, S. and Roura, A. and Sabulsky, D. O. and Schkolnik, V. and Schlippert, D. and Schubert, C. and Sidorenkov, L. and Siemß, J.-N. and Sopuerta, C. F. and Sorrentino, F. and Struckmann, C. and Tino, G. M. and Tsagkatakis, G. and Viceré, A. and von Klitzing, W. and Woerner, L. and Zou, X.},
	date = {2019-11-09},
	eprinttype = {arxiv},
	eprint = {1911.03701},
	keywords = {General Relativity and Quantum Cosmology, Physics - Atomic Physics},
	file = {arXiv Fulltext PDF:C\:\\Users\\bastian\\Zotero\\storage\\D248WRDW\\Canuel et al. - 2019 - ELGAR -- a European Laboratory for Gravitation and.pdf:application/pdf;arXiv.org Snapshot:C\:\\Users\\bastian\\Zotero\\storage\\KCCIH64H\\1911.html:text/html}
}