
@article{christian_freier_mobile_2016,
	title = {Mobile quantum gravity sensor with unprecedented stability},
	volume = {723},
	issn = {1742-6588, 1742-6596},
	url = {http://stacks.iop.org/1742-6596/723/i=1/a=012050?key=crossref.f62daf90b0c067c51e3f648c3dbcef0e},
	doi = {10.1088/1742-6596/723/1/012050},
	pages = {012050},
	journaltitle = {Journal of Physics: Conference Series},
	author = {{Christian Freier} and Hauth, Matthias and Schkolnik, Vladimir and Leykauf, Bastian and Schilling, M and Wziontek, H and Scherneck, H-G and Müller, J and Peters, Achim},
	urldate = {2016-07-05},
	date = {2016-06},
	keywords = {Own, Paper},
	file = {Freier et al. - 2016 - Mobile quantum gravity sensor with unprecedented s.pdf:C\:\\Users\\bastian\\AppData\\Roaming\\Zotero\\Zotero\\Profiles\\4q46d3vq.default\\zotero\\storage\\XTDTUPZ9\\Freier et al. - 2016 - Mobile quantum gravity sensor with unprecedented s.pdf:application/pdf}
}

@article{schkolnik_effect_2015,
	title = {The effect of wavefront aberrations in atom interferometry},
	volume = {120},
	issn = {0946-2171, 1432-0649},
	url = {http://link.springer.com/article/10.1007/s00340-015-6138-5},
	doi = {10.1007/s00340-015-6138-5},
	pages = {311--316},
	number = {2},
	journaltitle = {Applied Physics B},
	shortjournal = {Appl. Phys. B},
	author = {Schkolnik, V. and Leykauf, B. and Hauth, M. and Freier, C. and Peters, A.},
	urldate = {2015-09-07},
	date = {2015-06-02},
	langid = {english},
	keywords = {Own, Paper},
	file = {Schkolnik et al. - 2015 - The effect of wavefront aberrations in atom interf.pdf:C\:\\Users\\bastian\\AppData\\Roaming\\Zotero\\Zotero\\Profiles\\4q46d3vq.default\\zotero\\storage\\DB2ZPHUH\\Schkolnik et al. - 2015 - The effect of wavefront aberrations in atom interf.pdf:application/pdf}
}

@unpublished{bastian_leykauf_effect_2015,
	location = {Heidelberg},
	title = {The effect of wavefront aberrations in atom interferometry},
	type = {Oral},
	howpublished = {Oral},
	note = {{DPG} Frühjahrstagung 2015},
	author = {{Bastian Leykauf}},
	editora = {{Vladimir Schkolnik} and {Matthias Hauth} and {Christian Freier} and {Achim Peters}},
	editoratype = {collaborator},
	date = {2015-03-23},
	keywords = {Oral, Own, Presentation},
	file = {Bastian Leykauf - DPG Heidelberg 2015.odp:C\:\\Users\\bastian\\AppData\\Roaming\\Zotero\\Zotero\\Profiles\\4q46d3vq.default\\zotero\\storage\\UD6IQV65\\ Bastian Leykauf - DPG Heidelberg 2015.odp:application/vnd.oasis.opendocument.presentation;contribution.pdf:C\:\\Users\\bastian\\AppData\\Roaming\\Zotero\\Zotero\\Profiles\\4q46d3vq.default\\zotero\\storage\\HQBUMH2P\\contribution.pdf:application/pdf}
}

@unpublished{bastian_leykauf_effect_2014,
	location = {Chania},
	title = {The effect of wavefront aberrations in atom interferometry},
	type = {Poster},
	howpublished = {Poster},
	note = {Frontiers of Matter Wave Optics ({FOMO})},
	author = {{Bastian Leykauf}},
	editora = {{Vladimir Schkolnik} and Freier, Christian and Hauth, Matthias and Peters, Achim},
	editoratype = {collaborator},
	date = {2014-10-06},
	keywords = {Own, Poster, Presentation},
	file = {Leykauf-The effect of wavefront aberrations in atom interferometry.pdf:C\:\\Users\\bastian\\AppData\\Roaming\\Zotero\\Zotero\\Profiles\\4q46d3vq.default\\zotero\\storage\\BAXUH8S6\\Leykauf-The effect of wavefront aberrations in atom interferometry.pdf:application/pdf;Poster_FOMO2014_Leykauf.pdf:C\:\\Users\\bastian\\AppData\\Roaming\\Zotero\\Zotero\\Profiles\\4q46d3vq.default\\zotero\\storage\\NUCC4FA8\\Poster_FOMO2014_Leykauf.pdf:application/pdf;Poster_FOMO2014_Leykauf.svg:C\:\\Users\\bastian\\AppData\\Roaming\\Zotero\\Zotero\\Profiles\\4q46d3vq.default\\zotero\\storage\\F5B7TWTG\\Poster_FOMO2014_Leykauf.svg:text/xml}
}

@unpublished{bastian_leykauf_mobile_2016,
	location = {Arcachon},
	title = {Mobile quantum gravity sensor with unprecedented stability},
	type = {Poster},
	howpublished = {Poster},
	note = {Frontiers of Matter Wave Optics ({FOMO})},
	author = {{Bastian Leykauf}},
	editora = {{Christian Freier} and {Vladimir Schkolnik} and {Matthias Hauth} and {Qingqing Hu} and {Manuel Schilling} and {Hartmut Wziontek} and {Hans-Georg Scherneck} and {Markus Krutzik} and {Achim Peters}},
	editoratype = {collaborator},
	date = {2016-09-15},
	keywords = {Own, Poster, Presentation},
	file = {Bastian Leykauf-2016-Mobile quantum gravity sensor with unprecedented stability.pdf:C\:\\Users\\bastian\\AppData\\Roaming\\Zotero\\Zotero\\Profiles\\4q46d3vq.default\\zotero\\storage\\FDV3DT4B\\Bastian Leykauf-2016-Mobile quantum gravity sensor with unprecedented stability.pdf:application/pdf;poster_fomo2016_leykauf.svg:C\:\\Users\\bastian\\AppData\\Roaming\\Zotero\\Zotero\\Profiles\\4q46d3vq.default\\zotero\\storage\\Q84Z2RZM\\poster_fomo2016_leykauf.svg:text/xml}
}

@unpublished{leykauf_mobile_2016,
	location = {Hannover},
	title = {Mobile quantum gravity sensor with unprecedented stability},
	type = {Poster},
	howpublished = {Poster},
	note = {{DPG} Frühjahrstagung},
	author = {Leykauf, Bastian},
	editora = {Freier, Christian and Schkolnik, Vladimir and Hauth, Matthias and Schilling, Manuel and Wziontek, Hartmut and Scherneck, Hans-Georg and Krutzik, Markus and Peters, Achim},
	editoratype = {collaborator},
	date = {2016-02-29},
	keywords = {Own, Poster, Presentation},
	file = {Leykauf-2016-Mobile quantum gravity sensor with unprecedented stability.pdf:C\:\\Users\\bastian\\AppData\\Roaming\\Zotero\\Zotero\\Profiles\\4q46d3vq.default\\zotero\\storage\\K5NI3C7I\\Leykauf-2016-Mobile quantum gravity sensor with unprecedented stability.pdf:application/pdf;poster_dpg2016_leykauf.pdf:C\:\\Users\\bastian\\AppData\\Roaming\\Zotero\\Zotero\\Profiles\\4q46d3vq.default\\zotero\\storage\\3DZ6TAEH\\poster_dpg2016_leykauf.pdf:application/pdf;poster_dpg2016_leykauf.svg:C\:\\Users\\bastian\\AppData\\Roaming\\Zotero\\Zotero\\Profiles\\4q46d3vq.default\\zotero\\storage\\68MGCKG4\\poster_dpg2016_leykauf.svg:text/xml}
}