@article{Freier2016,
	title = {Mobile quantum gravity sensor with unprecedented stability},
	volume = {723},
	pages = {012050},
	number = {1},
	doi = {10.1088/1742-6596/723/1/012050},
	journaltitle = {Journal of Physics: Conference Series},
	author = {Christian Freier and Hauth, Matthias and Schkolnik, Vladimir and Leykauf, Bastian and Schilling, Manuel and Wziontek, Hartmut and Scherneck, Hans-Georg and M端ller, J端rgen and Peters, Achim},
	date = {2016-07}
}

@article{Schkolnik2015,
	title = {The effect of wavefront aberrations in atom interferometry},
	volume = {120},
	pages = {311--316},
	number = {2},
	journaltitle = {Applied Physics B},
	author = {Schkolnik, Vladimir and Leykauf, Bastian and Hauth, Matthias and Freier, Christian and Peters, Achim},
	date = {2015-06-02}
}

@article{Hu2017,
	address = {Berlin},
	author = {Hu, Qing-qing and Freier, Christian and Leykauf, Bastian and Schkolnik, Vladimir and Yang, Jun and Krutzik, Markus and Peters, Achim},
	file = {:C$\backslash$:/Users/bastian/Documents/bibliography/pdf/Hu et al. - 2017 - Precisely mapping the absolute magnetic field and evaluating the quadratic Zeeman effect induced systematic error in.pdf:pdf},
	institution = {Humboldt-Universit{\"{a}}t zu Berlin},
	title = {Precisely mapping the absolute magnetic field and evaluating the quadratic {Z}eeman effect induced systematic error in atom interferometer gravimeter},
	year = {2017},
	journal = {submitted}
}

@report{BKG2017,
	title = {Studie der Vorbereitung zur Einf端hrung der Atominterferometrie als alternatives Verfahren zu klassischen Absolutgravimetern: Zwischenbericht I und {II}},
	author = {Freier, Christian and Schkolnik, Vladimir and Leykauf, Bastian and Grzeschik, Christoph and Stiekel, Anne and Krutzik, Markus and Peters, Achim},
	date = {2017-09-20}
}

@report{BKG2017b,
	title = {{Studie der {V}orbereitung zur Einf端hrung der Atominterferometrie als alternatives Verfahren zu klassischen Absolutgravimetern: Zwischenbericht {II}}},
	author = {Freier, Christian and Schkolnik, Vladimir and Leykauf, Bastian and Grzeschik, Christoph and Stiekel, Anne and Krutzik, Markus and Peters, Achim},
	date = {2017-07-18}
}
